@article{SNarrativa,
          doi = {10.1177/1356389008097871},
            url = {https://doi.org/10.1177/1356389008097871},
              year = {2009},
                month = jan,
                  publisher = {{SAGE} Publications},
                    volume = {15},
                      number = {1},
                        pages = {49--73},
                          author = {Mark Rodgers and Amanda Sowden and Mark Petticrew and Lisa Arai and Helen Roberts and Nicky Britten and Jennie Popay},
                            title = {Testing Methodological Guidance on the Conduct of Narrative Synthesis in Systematic Reviews},
                              journal = {Evaluation}
}

@INPROCEEDINGS{EF-2,
          author={R. {Chanin} and L. {Pompermaier} and A. {Sales} and R. {Prikladnicki}},
            booktitle={2019 IEEE/ACM 12th International Workshop on Cooperative and Human Aspects of Software Engineering (CHASE)}, 
              title={Collaborative Practices for Software Requirements Gathering in Software Startups}, 
                year={2019},
                  volume={},
                    number={},
                      pages={31-32},
                        doi={10.1109/CHASE.2019.00014}}


@inproceedings{EF-9,
          doi = {10.1109/cscwd.2010.5471992},
            url = {https://doi.org/10.1109/cscwd.2010.5471992},
              year = {2010},
                month = apr,
                  publisher = {{IEEE}},
                    author = {Sergio F. Ochoa and Alcides Quispe and Andres Vergara and Jose A. Pino},
                      title = {Improving requirements engineering processes in very small software enterprises through the use of a collaborative application},
                        booktitle = {The 2010 14th International Conference on Computer Supported Cooperative Work in Design}
}

@inproceedings{EF-7,
          doi = {10.1109/cscwd.2011.5960203},
            url = {https://doi.org/10.1109/cscwd.2011.5960203},
              year = {2011},
                month = jun,
                  publisher = {{IEEE}},
                    author = {Ince T Wangsa and Lorna Uden and Stella F Mills},
                      title = {Using Activity Theory to develop requirements analysis framework for Collaborative Working Environments},
                        booktitle = {Proceedings of the 2011 15th International Conference on Computer Supported Cooperative Work in Design ({CSCWD})}
}

@inproceedings{EF-11,
          doi = {10.1109/icet.2014.7021009},
            url = {https://doi.org/10.1109/icet.2014.7021009},
              year = {2014},
                month = dec,
                  publisher = {{IEEE}},
                    author = {Anum Tariq and Shoab Ahmed Khan and Sundas Iftikhar},
                      title = {Requirements Engineering process for Software-as-a-Service ({SaaS}) cloud environment},
                        booktitle = {2014 International Conference on Emerging Technologies ({ICET})}
}

@INPROCEEDINGS{EF-10,
          author={W. {Singhto} and N. {Phakdee}},
            booktitle={2016 International Computer Science and Engineering Conference (ICSEC)}, 
              title={Adopting a combination of Scrum and Waterfall methodologies in developing Tailor-made SaaS products for Thai Service and manufacturing SMEs}, 
                year={2016},
                  volume={},
                    number={},
                      pages={1-6},
                        doi={10.1109/ICSEC.2016.7859882}}

@article{EF-19,
          doi = {10.1016/j.infsof.2019.02.001},
            url = {https://doi.org/10.1016/j.infsof.2019.02.001},
              year = {2019},
                month = may,
                  publisher = {Elsevier {BV}},
                    volume = {109},
                      pages = {92--107},
                        author = {Jorge Melegati and Alfredo Goldman and Fabio Kon and Xiaofeng Wang},
                          title = {A model of requirements engineering in software startups},
                            journal = {Information and Software Technology}
}

@inproceedings{EF-4,
          doi = {10.1109/icse.2012.6227227},
            url = {https://doi.org/10.1109/icse.2012.6227227},
              year = {2012},
                month = jun,
                  publisher = {{IEEE}},
                    author = {Nupul Kukreja},
                      title = {Winbook: A social networking based framework for collaborative requirements elicitation and {WinWin} negotiations},
                        booktitle = {2012 34th International Conference on Software Engineering ({ICSE})}
}

@article{EF-20,
          doi = {10.1016/j.procs.2015.08.403},
            url = {https://doi.org/10.1016/j.procs.2015.08.403},
              year = {2015},
                publisher = {Elsevier {BV}},
                  volume = {62},
                    pages = {332--334},
                      author = {Ivan Prakasa and Osamu Shigo},
                        title = {Global Collaboration Requirement Analysis System in Cloud Computing},
                          journal = {Procedia Computer Science}
}

@inproceedings{EF-1,
          doi = {10.1109/soli.2011.5986533},
            url = {https://doi.org/10.1109/soli.2011.5986533},
              year = {2011},
                month = jul,
                  publisher = {{IEEE}},
                    author = {Xin Zhou and Li Yi and Ying Liu},
                      title = {A collaborative requirement elicitation technique for {SaaS} applications},
                        booktitle = {Proceedings of 2011 {IEEE} International Conference on Service Operations,  Logistics and Informatics}
}

@inproceedings{EF-17,
          doi = {10.1145/1985500.1985506},
            url = {https://doi.org/10.1145/1985500.1985506},
              year = {2011},
                publisher = {{ACM} Press},
                  author = {Shehnila Zardari and Rami Bahsoon},
                    title = {Cloud adoption: a goal-oriented requirements engineering approach},
                      booktitle = {Proceeding of the 2nd international workshop on Software engineering for cloud computing - {SECLOUD} {\textquotesingle}11}
}

@book{Cronograma, 
    place={Mexico}, 
    title={Manual para la presentacion de anteproyectos e informes de investigacion: (tesis)}, 
    publisher={Oxford University Press}, 
    author={Schmelkes, Corina and Schmelkes, Nora Elizondo}, 
    year={2013}} 
