
@article{kitchenham2007guidelines,
    title={Guidelines for performing systematic literature reviews in software engineering},
    author={Kitchenham, Barbara and Charters, Stuart},
    year={2007},
    publisher={Citeseer}
}

@incollection{zalazar2017analyzing,
    title={Analyzing requirements engineering for cloud computing},
    author={Zalazar, Ana Sofia and Ballejos, Luciana and Rodriguez, Sebastian},
    booktitle={Requirements Engineering for Service and Cloud Computing},
    pages={45--64},
    year={2017},
    publisher={Springer}
}

@inproceedings{wanderley2017requirements,
    title={Requirements engineering for cloud systems: A mapping study design},
    author={Wanderley, Fernando and Souza, Eric and Goul{\~a}o, Miguel and Araujo, Joao and Cysneiros, Gilberto and Misra, Ananya},
    booktitle={International Conference on Computational Science and Its Applications},
    pages={335--349},
    year={2017},
    organization={Springer}
}

@inproceedings{7037656,
    author={Y. {Benslimane} and M. {Plaisent} and P. {Bernard} and B. {Bahli}},
    booktitle={2014 IEEE 6th International Conference on Cloud Computing Technology and Science}, 
    title={Key Challenges and Opportunities in Cloud Computing and Implications on Service Requirements: Evidence from a Systematic Literature Review}, 
    year={2014},
    volume={},
    number={},
    pages={114-121},
    doi={10.1109/CloudCom.2014.115}
}

@INPROCEEDINGS{6530271,  
    author={K. {Schneider} and O. {Liskin} and H. {Paulsen} and S. {Kauffeld}},  
    booktitle={2013 IEEE Global Engineering Education Conference (EDUCON)},   
    title={Requirements compliance as a measure of project success},   
    year={2013},  
    volume={},  
    number={},  
    pages={1276-1283},  
    doi={10.1109/EduCon.2013.6530271}
}

@article{4960886,
    author = {Hussain,Azham  and Mkpojiogu,Emmanuel O. C. },
    title = {Requirements: Towards an understanding on why software projects fail},
    journal = {AIP Conference Proceedings},
    volume = {1761},
    number = {1},
    pages = {020046},
    year = {2016},
    doi = {10.1063/1.4960886},
    URL = { 
    https://aip.scitation.org/doi/abs/10.1063/1.4960886
    },
    eprint = { 
    https://aip.scitation.org/doi/pdf/10.1063/1.4960886
    }
}






